<?xml version="1.0" encoding="UTF-8"?><record xmlns="http://www.loc.gov/MARC21/slim" xmlns:cinclude="http://apache.org/cocoon/include/1.0" xmlns:zs="http://www.loc.gov/zing/srw/">
  <leader>00816cz  a2200181n  4500</leader>
  <controlfield tag="001">nr 98031077 </controlfield>
  <controlfield tag="003">DLC</controlfield>
  <controlfield tag="005">20080916081844.0</controlfield>
  <controlfield tag="008">980818n| acannaabn          |b aaa     c</controlfield>
  <datafield tag="010" ind1=" " ind2=" ">
    <subfield code="a">nr 98031077 </subfield>
  </datafield>
  <datafield tag="035" ind1=" " ind2=" ">
    <subfield code="a">(OCoLC)oca04808138</subfield>
  </datafield>
  <datafield tag="040" ind1=" " ind2=" ">
    <subfield code="a">HU</subfield>
    <subfield code="b">eng</subfield>
    <subfield code="c">HU</subfield>
    <subfield code="d">OCoLC</subfield>
  </datafield>
  <datafield tag="100" ind1="1" ind2=" ">
    <subfield code="a">Sŏ, Yŏng-suk,</subfield>
    <subfield code="d">1958-</subfield>
  </datafield>
  <datafield tag="400" ind1="1" ind2=" ">
    <subfield code="a">서 영숙,</subfield>
    <subfield code="d">1958-</subfield>
  </datafield>
  <datafield tag="400" ind1="1" ind2=" ">
    <subfield code="a">서영숙,</subfield>
    <subfield code="d">1958-</subfield>
  </datafield>
  <datafield tag="667" ind1=" " ind2=" ">
    <subfield code="a">Machine-derived non-Latin script reference project.</subfield>
  </datafield>
  <datafield tag="667" ind1=" " ind2=" ">
    <subfield code="a">Non-Latin script references not evaluated.</subfield>
  </datafield>
  <datafield tag="670" ind1=" " ind2=" ">
    <subfield code="a">Sijip sari norae yŏnʼgu, 1996:</subfield>
    <subfield code="b">t.p. (Sŏ Yŏng-suk) colophon (b. 1958; grad., Inha Taehakkyo Kugŏ Kyoyukkwa; M.A., Hanʼguk Chŏngsin Munhwa Yŏnʼguwŏn pusŏl Hanʼgukhak Taehagwŏn; Ph.D., Chʻungnam Taehakkyo Taehagwŏn Kugŏ Kungmun Hakkwa; lecturer, Chʻungbuktae, Chʻungnamdae, Sŏwŏndae)</subfield>
  </datafield>
</record>